@book{bishop,
 author = {Bishop, Christopher M.},
 title = {Neural Networks for Pattern Recognition},
 year = {1995},
 isbn = {0198538642},
 publisher = {Oxford University Press, Inc.},
 address = {New York, NY, USA},
} 

@book{duda,
 author = {Duda, Richard O. and Hart, Peter E. and Stork, David G.},
 title = {Pattern Classification (2Nd Edition)},
 year = {2000},
 isbn = {0471056693},
 publisher = {Wiley-Interscience},
}

@misc{emhandout,
  author={Chein-i Chang},
  title={Expectation-Maximization Algorithm},
  institution={University of Maryland Baltimore Campus},
  howpublished={Class Handout},
  year={2014},
  note={Course ENEE 712, Pattern Recognition, Fall 2014}
}

@misc{densityhandout,
  author={Chein-i Chang},
  title={Nonparametric Methods for Probability Density Estimation},
  institution={University of Maryland Baltimore Campus},
  howpublished={Class Handout},
  year={2014},
  note={Course ENEE 712, Pattern Recognition, Fall 2014}
}

@misc{carlo,
  author={Carlo Tomasi},
  title={Estimating Gaussian Mixture Densities with EM - A Tutorial},
  institution={Duke University},
  howpublished={Class Handout},
  year={2004},
}

@misc{emcode,
  author={Mo Chen},
  title={EM Algorithm for Gaussian Mixture Model},
  howpublished={http://www.mathworks.com/matlabcentral/fileexchange/26184-em-algorithm-for-gaussian-mixture-model},
  year={2009},
}

